@Article{bendanaWomenRightsStateCentric2013,
  title = {Women's {{Rights}}, {{State}}-{{Centric Rule}} of {{Law}}, and {{Legal Pluralism}} in {{Somaliland}}},
  author = {Alejandro Benda{\~n}a and Tanja Chopra},
  year = {2013},
  month = {mar},
  volume = {5},
  pages = {44--73},
  issn = {1876-4045, 1876-4053},
  doi = {10.1017/S1876404512001029},
  file = {C\:\\Users\\Jessie Munson\\Downloads\\Bendana and Chopra 2013.pdf},
  journal = {Hague Journal on the Rule of Law},
  language = {en},
  number = {01},
}
